@ARTICLE{article-minimal,
   author = {L[eslie] A. Aamport},
   title = {The Gnats and Gnus Document Preparation System},
   journal = {\mbox{G-Animal's} Journal},
   year = 1986,
}



@ARTICLE{article-full,
   author = {L[eslie] A. Aamport},
   title = {The Gnats and Gnus Document Preparation System},
   journal = {\mbox{G-Animal's} Journal},
   year = 1986,
   volume = 41,
   number = 7,
   pages = "73+",
   month = jul,
   note = "This is a full ARTICLE entry",
}


@ARTICLE{whole-journal,
   key = "GAJ",
   journal = {\mbox{G-Animal's} Journal},
   year = 1986,
   volume = 41,
   number = 7,
   month = jul,
   note = {The entire issue is devoted to gnats and gnus
		(this entry is a cross-referenced ARTICLE (journal))},
}

@INBOOK{inbook-minimal,
   author = "Donald E. Knuth",
   title = "Fundamental Algorithms",
   publisher = "Addison-Wesley",
   year = "1973",
   chapter = "1.2",
}

@INBOOK{inbook-full,
   author = "Donald E. Knuth",
   title = "Fundamental Algorithms",
   volume = 1,
   series = "The Art of Computer Programming",
   publisher = "Addison-Wesley",
   address = "Reading, Massachusetts",
   edition = "Second",
   month = "10~" # jan,
   year = "1973",
   type = "Section",
   chapter = "1.2",
   pages = "10--119",
   note = "This is a full INBOOK entry",
}


@BOOK{book-minimal,
   author = "Donald E. Knuth",
   title = "Seminumerical Algorithms",
   publisher = "Addison-Wesley",
   year = "1981",
}

@BOOK{book-full,
   author = "Donald E. Knuth",
   title = "Seminumerical Algorithms",
   volume = 2,
   series = "The Art of Computer Programming",
   publisher = "Addison-Wesley",
   address = "Reading, Massachusetts",
   edition = "Second",
   month = "10~" # jan,
   year = "1981",
   note = "This is a full BOOK entry",
}



@INPROCEEDINGS{inproceedings-minimal,
   author = "Alfred V. Oaho and Jeffrey D. Ullman and Mihalis Yannakakis",
   title = "On Notions of Information Transfer in {VLSI} Circuits",
   booktitle = "Proc. Fifteenth Annual ACM",
   year = 1983,
}

@INPROCEEDINGS{inproceedings-full,
   author = "Alfred V. Oaho and Jeffrey D. Ullman and Mihalis Yannakakis",
   title = "On Notions of Information Transfer in {VLSI} Circuits",
   editor = "Wizard V. Oz and Mihalis Yannakakis",
   booktitle = "Proc. Fifteenth Annual ACM",
   number = 17,
   series = "All ACM Conferences",
   pages = "133--139",
   month = mar,
   year = 1983,
   address = "Boston",
   organization = ACM,
   publisher = "Academic Press",
   note = "This is a full INPROCEDINGS entry",
}



@PROCEEDINGS{proceedings-minimal,
   key = STOC-key,
   title = "Proc. Fifteenth Annual",
   year = 1983,
}

@PROCEEDINGS{proceedings-full,
   editor = "Wizard V. Oz and Mihalis Yannakakis",
   title = "Proc. Fifteenth Annual",
   number = 17,
   series = "All ACM Conferences",
   month = mar,
   year = 1983,
   address = "Boston",
   organization = ACM,
   publisher = "Academic Press",
   note = "This is a full PROCEEDINGS entry",
}

@PROCEEDINGS{whole-proceedings,
   key = STOC-key,
   organization = ACM,
   title = "Proc. Fifteenth Annual",
   address = "Boston",
   year = 1983,
   booktitle = "Proc. Fifteenth Annual ACM",
   note = "This is a cross-referenced PROCEEDINGS",
}


@Misc{misc-url,
  author = {H. Comon and M. Dauchet and R. Gilleron and F. Jacquemard
and D. Lugiez and S. Tison and M. Tommasi},
  title =	 {Tree Automata Techniques and Applications},
  howpublished = {Available on: \url{http://www.grappa.univ-lille3.fr/tata}},
  note = {release October, 1rst 2002},
  year =	 1997
}

@book{milibro,
	author = {Carlos V. Regueiro},
	title = {Apuntes de Android},
	date = {2020},
}

@Misc{SVG,
  title =	 {SVG},
  howpublished = {Available on: \url{https://developer.mozilla.org/es/docs/Web/SVG}},
  note = {Last access on 2022-10-18}
}

@Misc{SQL,
  title = {SQL},
  howpublished = {Available on: \url{https://www.iso.org/standard/63555.html}},
  note = {Last access on 2022-12-19}
}

@Misc{Dot_Matrix,
  title =	 {Dot Matrix},
  howpublished = {Available on: \url{https://github.com/lainsce/dot-matrix/}},
  note = {Last access on 2022-10-18}
}

@Misc{Vala,
  title =	 {Vala},
  howpublished = {Available on: \url{https://vala.dev/}},
  note = {Last access on 2022-10-18}
}

@Misc{Graficos_Vectoriales,
  title =	 {Gr√°ficos Vectoriales},
  howpublished = {Available on: \url{https://play.google.com/store/apps/details?id=com.inglesdivino.vectorassetcreator&hl=es_419&gl=US}},
  note = {Last access on 2022-10-18}
}

@Misc{Curvas_de_Bezier,
  title =	 {Curvas de Bezier},
  howpublished = {Available on: \url{https://learn.microsoft.com/es-es/xamarin/xamarin-forms/user-interface/graphics/skiasharp/curves/beziers}},
  note = {Last access on 2022-10-18}
}

@Misc{SVGTiny,
  title =	 {SVGTiny},
  howpublished = {Available on: \url{https://www.w3.org/TR/SVGTiny12/}},
  note = {Last access on 2022-10-18}
}

@Misc{VectorDrawable,
  title =	 {VectorDrawable},
  howpublished = {Available on: \url{https://developer.android.com/studio/write/vector-asset-studio#svg-supported}},
  note = {Last access on 2022-10-18}
}

@Misc{Firebase,
  title = {Firebase},
  howpublished = {Available on: \url{https://firebase.google.com/}},
  note = {Last access on 2022-12-19}
}

@Misc{MVC,
  title = {MVC},
  howpublished = {Available on: \url{https://en.wikipedia.org/wiki/Model\%E2\%80\%93view\%E2\%80\%93controller}},
  note = {Last access on 2022-12-19}
}

@BOOK{CleanCode,
   author = "Robert C. Martin",
   title = "CLEAN CODE: A Handbook of Agile Software Craftsmanship",
   publisher = "PRENTICE HALL",
   year = "2008",
}
